{
  "leader": "05271cam  2200553 i 4500",
  "fields": [
    {
      "001": "ocn986237389"
    },
    {
      "003": "OCoLC"
    },
    {
      "005": "20211115142358.0"
    },
    {
      "008": "170922t20182018nyua\\\\\\\\\\b\\\\\\\\001\\0\\eng\\\\"
    },
    {
      "010": {
        "ind1": "\\",
        "ind2": "\\",
        "subfields": [
          {
            "a": "  2017037366"
          }
        ]
      }
    },
    {
      "040": {
        "ind1": "\\",
        "ind2": "\\",
        "subfields": [
          {
            "a": "DLC"
          },
          {
            "b": "eng"
          },
          {
            "e": "rda"
          },
          {
            "c": "DLC"
          },
          {
            "d": "BTCTA"
          },
          {
            "d": "YDX"
          },
          {
            "d": "BDX"
          },
          {
            "d": "ERASA"
          },
          {
            "d": "OCLCF"
          },
          {
            "d": "OCLCO"
          },
          {
            "d": "OCLCQ"
          },
          {
            "d": "YDX"
          },
          {
            "d": "OCLCO"
          },
          {
            "d": "OCLCQ"
          },
          {
            "d": "IUL"
          },
          {
            "d": "CEF"
          },
          {
            "d": "L2U"
          },
          {
            "d": "OCLCQ"
          }
        ]
      }
    },
    {
      "019": {
        "ind1": "\\",
        "ind2": "\\",
        "subfields": [
          {
            "a": "986605575"
          }
        ]
      }
    },
    {
      "020": {
        "ind1": "\\",
        "ind2": "\\",
        "subfields": [
          {
            "a": "9781785337024"
          },
          {
            "q": "(hardcover ;"
          },
          {
            "q": "alkaline paper)"
          }
        ]
      }
    },
    {
      "020": {
        "ind1": "\\",
        "ind2": "\\",
        "subfields": [
          {
            "a": "1785337025"
          },
          {
            "q": "(hardcover ;"
          },
          {
            "q": "alkaline paper)"
          }
        ]
      }
    },
    {
      "020": {
        "ind1": "\\",
        "ind2": "\\",
        "subfields": [
          {
            "z": "9781785337031"
          },
          {
            "q": "(electronic book)"
          }
        ]
      }
    },
    {
      "035": {
        "ind1": "\\",
        "ind2": "\\",
        "subfields": [
          {
            "a": "(OCoLC)986237389"
          },
          {
            "z": "(OCoLC)986605575"
          }
        ]
      }
    },
    {
      "042": {
        "ind1": "\\",
        "ind2": "\\",
        "subfields": [
          {
            "a": "pcc"
          }
        ]
      }
    },
    {
      "050": {
        "ind1": "0",
        "ind2": "0",
        "subfields": [
          {
            "a": "LB2375"
          },
          {
            "b": ".E84 2018"
          }
        ]
      }
    },
    {
      "082": {
        "ind1": "0",
        "ind2": "0",
        "subfields": [
          {
            "a": "370.1162"
          },
          {
            "b": "GLO"
          }
        ]
      }
    },
    {
      "245": {
        "ind1": "0",
        "ind2": "0",
        "subfields": [
          {
            "a": "Global exchanges :"
          },
          {
            "b": "scholarships and transnational circulations in the modern world /"
          },
          {
            "c": "edited by Ludovic Tourn\ufffdes and Giles Scott-Smith."
          }
        ]
      }
    },
    {
      "264": {
        "ind1": "\\",
        "ind2": "1",
        "subfields": [
          {
            "a": "New York :"
          },
          {
            "b": "Berghahn Books,"
          },
          {
            "c": "2018."
          }
        ]
      }
    },
    {
      "264": {
        "ind1": "\\",
        "ind2": "4",
        "subfields": [
          {
            "c": "\ufffd2018"
          }
        ]
      }
    },
    {
      "300": {
        "ind1": "\\",
        "ind2": "\\",
        "subfields": [
          {
            "a": "xi, 344 pages ;"
          },
          {
            "c": "24 cm"
          }
        ]
      }
    },
    {
      "336": {
        "ind1": "\\",
        "ind2": "\\",
        "subfields": [
          {
            "a": "text"
          },
          {
            "b": "txt"
          },
          {
            "2": "rdacontent"
          }
        ]
      }
    },
    {
      "337": {
        "ind1": "\\",
        "ind2": "\\",
        "subfields": [
          {
            "a": "unmediated"
          },
          {
            "b": "n"
          },
          {
            "2": "rdamedia"
          }
        ]
      }
    },
    {
      "338": {
        "ind1": "\\",
        "ind2": "\\",
        "subfields": [
          {
            "a": "volume"
          },
          {
            "b": "nc"
          },
          {
            "2": "rdacarrier"
          }
        ]
      }
    },
    {
      "504": {
        "ind1": "\\",
        "ind2": "\\",
        "subfields": [
          {
            "a": "Includes bibliographical references and index."
          }
        ]
      }
    },
    {
      "505": {
        "ind1": "0",
        "ind2": "\\",
        "subfields": [
          {
            "a": "Introduction : conceptualizing the history of international scholarship programs (19-21st centuries) / Giles Scott-Smith and Ludovic Tournes -- The politics of scholarly exchange : taking the long view on the Rhodes scholarships / Tamson Pietsch & Meng-Hsuan Chou -- The defeat of university autonomy : French academic diplomacy, mobility scholarships and exchange programs (1880s-1930s) / Guillaume Tronchet -- The commonwealth university interchange scheme : promoting exchanges in a changing world (1948-1960) / Alice Byrne -- Students as ambassadors : German-American exchange diplomacy during the 1980s / Jacob S. Eder -- Muscular Christian exchanges : Asian sports experts and the international YMCA training school (1910s-1930s) / Stefan Hubner -- Managing scientific exchange in interwar Germany : August Wilhelm Fehling and Rockefeller Foundation fellowships / Judith Syga-Dubois -- Wedges and webs : Rockefeller nursing fellowships, 1920-1940 / Pierre-Yves Saunier -- Fellowship programs for public health development : the Rockefeller Foundation, UNRRA, and WHO (1920s-1970s) / Yi-Tang Lin, Thomas David, Davide Rodogno -- New missionaries for social development : the ILO internship program (1950-1963) / Veronique Plata-Stenger -- The Fulbright program and the philosophy and geography of U.S. exchange programs since World War II / Lonnie R. Johnson -- Grassroots diplomacy : fighting the cold war on the family farm with the International Farm Youth Exchange / Peter Simons -- Third world students at Soviet universities in the Brezhnev period / Julie Hessler -- US exchange programs with Africa during the civil rights era / Hannah Higgin -- Working on/working with the Soviet bloc : IREX, scholarly exchanges and detente / Justine Faure -- American foundations and the challenge of funding international fellowship and exchange programs since 1970 / Patricia L. Rosenfield -- Global networks, soft power, and the U.S. military / Carol Atkinson -- American Fulbrighters in China, 1979-2014 / Guangqiu Xu -- Importing barbarian knowledge : the JET program and the development of cultural internationalism in Japan (1987-2014) / Jesse Sargent -- New actors of the post-cold war world (Europe, China, India) : towards a genuine globalization of scholarship programs / Ludovic Tournes."
          }
        ]
      }
    },
    {
      "520": {
        "ind1": "8",
        "ind2": "\\",
        "subfields": [
          {
            "a": "Exchanges between different cultures and institutions of learning have taken place for centuries, but it was only in the twentieth century that such efforts evolved into formal programs that received focused attention from nation-states and empires. Global Exchanges provides a wide-ranging overview of this underresearched topic, examining the scope and scale of organized exchanges around the globe through the twentieth century. In doing so it dramatically reveals the true extent of organized exchange and its essential contribution to the formation of global networks so often taken for granted today."
          }
        ]
      }
    },
    {
      "650": {
        "ind1": "\\",
        "ind2": "0",
        "subfields": [
          {
            "a": "Educational exchanges"
          },
          {
            "x": "History"
          },
          {
            "y": "19th century."
          }
        ]
      }
    },
    {
      "650": {
        "ind1": "\\",
        "ind2": "0",
        "subfields": [
          {
            "a": "Educational exchanges"
          },
          {
            "x": "History"
          },
          {
            "y": "20th century."
          }
        ]
      }
    },
    {
      "650": {
        "ind1": "\\",
        "ind2": "0",
        "subfields": [
          {
            "a": "Scholarships"
          },
          {
            "x": "History"
          },
          {
            "y": "19th century."
          }
        ]
      }
    },
    {
      "650": {
        "ind1": "\\",
        "ind2": "0",
        "subfields": [
          {
            "a": "Scholarships"
          },
          {
            "x": "History"
          },
          {
            "y": "20th century."
          }
        ]
      }
    },
    {
      "650": {
        "ind1": "\\",
        "ind2": "0",
        "subfields": [
          {
            "a": "International education"
          },
          {
            "x": "History"
          },
          {
            "y": "19th century."
          }
        ]
      }
    },
    {
      "650": {
        "ind1": "\\",
        "ind2": "0",
        "subfields": [
          {
            "a": "International education"
          },
          {
            "x": "History"
          },
          {
            "y": "20th century."
          }
        ]
      }
    },
    {
      "650": {
        "ind1": "\\",
        "ind2": "0",
        "subfields": [
          {
            "a": "Higher education and state"
          },
          {
            "x": "History"
          },
          {
            "y": "19th century."
          }
        ]
      }
    },
    {
      "650": {
        "ind1": "\\",
        "ind2": "0",
        "subfields": [
          {
            "a": "Higher education and state"
          },
          {
            "x": "History"
          },
          {
            "y": "20th century."
          }
        ]
      }
    },
    {
      "650": {
        "ind1": "\\",
        "ind2": "7",
        "subfields": [
          {
            "a": "Educational exchanges."
          },
          {
            "2": "fast"
          },
          {
            "0": "(OCoLC)fst00903451"
          }
        ]
      }
    },
    {
      "650": {
        "ind1": "\\",
        "ind2": "7",
        "subfields": [
          {
            "a": "Higher education and state."
          },
          {
            "2": "fast"
          },
          {
            "0": "(OCoLC)fst00956548"
          }
        ]
      }
    },
    {
      "650": {
        "ind1": "\\",
        "ind2": "7",
        "subfields": [
          {
            "a": "International education."
          },
          {
            "2": "fast"
          },
          {
            "0": "(OCoLC)fst00976924"
          }
        ]
      }
    },
    {
      "650": {
        "ind1": "\\",
        "ind2": "7",
        "subfields": [
          {
            "a": "Scholarships."
          },
          {
            "2": "fast"
          },
          {
            "0": "(OCoLC)fst01432095"
          }
        ]
      }
    },
    {
      "648": {
        "ind1": "\\",
        "ind2": "7",
        "subfields": [
          {
            "a": "1800-1999"
          },
          {
            "2": "fast"
          }
        ]
      }
    },
    {
      "655": {
        "ind1": "\\",
        "ind2": "7",
        "subfields": [
          {
            "a": "History."
          },
          {
            "2": "fast"
          },
          {
            "0": "(OCoLC)fst01411628"
          }
        ]
      }
    },
    {
      "700": {
        "ind1": "1",
        "ind2": "\\",
        "subfields": [
          {
            "a": "Tourn\ufffdes, Ludovic,"
          },
          {
            "e": "editor."
          }
        ]
      }
    },
    {
      "700": {
        "ind1": "1",
        "ind2": "\\",
        "subfields": [
          {
            "a": "Scott-Smith, Giles,"
          },
          {
            "d": "1968-"
          },
          {
            "e": "editor."
          }
        ]
      }
    },
    {
      "776": {
        "ind1": "0",
        "ind2": "8",
        "subfields": [
          {
            "i": "Online version:"
          },
          {
            "t": "Exchange programs, scholarships and transnational circulations in the contemporary world (19th-21st centuries)."
          },
          {
            "d": "New York, NY : Berghahn Books, 2018"
          },
          {
            "z": "9781785337031"
          },
          {
            "w": "(DLC)  2017046094"
          }
        ]
      }
    },
    {
      "994": {
        "ind1": "\\",
        "ind2": "\\",
        "subfields": [
          {
            "a": "Z0"
          },
          {
            "b": "NYRVC"
          }
        ]
      }
    },
    {
      "948": {
        "ind1": "\\",
        "ind2": "\\",
        "subfields": [
          {
            "h": "NO HOLDINGS IN NYRVC - 39 OTHER HOLDINGS"
          }
        ]
      }
    },
    {
      "999": {
        "ind1": "\\",
        "ind2": "\\",
        "subfields": [
          {
            "a": "00000000026370"
          }
        ]
      }
    }
  ]
}